ISA*00*          *00*          *ZZ*PAYERID        *ZZ*PROVIDERID    *260321*1300*^*00501*000000003*1*T*:~
GS*HP*PAYERID*PROVIDERID*20260321*1300*3*X*005010X221A1~
ST*835*0003~
BPR*I*450.00*C*CHK************20260321~
TRN*1*EFT123456789*12345~
N1*PR*EDITH PAYER~
N1*PE*EDITH PROVIDER~
CLP*EDITHCLM1*1*250.00*200.00*50.00*CI*PCN12345*11~
CAS*CO*45*50.00~
CLP*EDITHCLM2*1*300.00*250.00*50.00*CI*PCN56789*11~
CAS*PR*1*50.00~
SE*11*0003~
GE*1*3~
IEA*1*000000003~
